@misc{wiki:denuvo,
    author = {Wikipedia},
    title  = {Denuvo},
    year   = 2015,
    url    = {https://en.wikipedia.org/w/index.php?title=Denuvo&oldid=689469015},
    note   = {[Online; accessed 2015-11-01]}
}

@article{stackSmash,
    author  = {{Aleph One}},
    title   = {Smashing the Stack for Fun and Profit},
    url     = {http://www.phrack.com/issues/49/14.html},
    year    = {1996},
    month   = {November},
    journal = {Phrack},
    number  = {49}
}

@article{shellcode,
    author  = {{rix}},
    title   = {Writing ia32 alphanumeric shellcodes},
    url     = {http://phrack.org/issues/57/15.html},
    year    = {2001},
    month   = {November},
    journal = {Phrack},
    number  = {57}
}
