@book{Nielson:ppa,
    author = {Nielson, Flemming and Nielson, Hanne R. and Hankin, Chris},
    title = {Principles of Program Analysis},
    year = 1999,
    isbn = {3540654100},
    publisher = {Springer-Verlag New York, Inc.},
    address = {Secaucus, NJ, USA},
}

@Inbook{parallel_cba,
    author = {Seidl, Helmut and Steffen, Bernhard},
    editor = {Smolka, Gert},
    title = {Constraint-Based Inter-Procedural Analysis of Parallel Programs},
    bookTitle = {Programming Languages and Systems: 9th European Symposium on Programming, ESOP 2000 Held as Part of the Joint European Conferences on Theory and Practice of Software, ETAPS 2000 Berlin, Germany, March 25 -- April 2, 2000 Proceedings},
    year = 2000,
    publisher = {Springer Berlin Heidelberg},
    address = {Berlin, Heidelberg},
    pages = 351--365,
    isbn = {978-3-540-46425-9},
    doi = {10.1007/3-540-46425-5_23},
    url={http://dx.doi.org/10.1007/3-540-46425-5_23}
}

@misc{herbert_phd,
    author = {Jordan, Herbert},
    title = {Insieme --- A Compiler Infrastructure for Parallel Programs},
    year = 2014,
    url = {http://www.dps.uibk.ac.at/~csaf7445/pub/phd_thesis_jordan.pdf},
    note = {[Online; accessed 2016-12-01]}
}

@misc{LeeHandouts,
    author = {Lee Peter},
    title  = {Classical Dataflow Optimizations},
    url    = {http://www.cs.cmu.edu/afs/cs/academic/class/15745-s06/web/handouts/04.pdf},
    year   = 2006,
    note   = {[Online; accessed 2016-11-27]}
}

@misc{wiki:cfg,
    author = {Wikipedia},
    title = {Control flow graph},
    year = 2017,
    url = {https://en.wikipedia.org/w/index.php?title=Control_flow_graph&oldid=758176946},
    note = {[Online; accessed 2017-01-03]}
}

@misc{wiki:dfa,
    author = {Wikipedia},
    title = {Data-flow analysis},
    year = 2016,
    url = {https://en.wikipedia.org/w/index.php?title=Data-flow_analysis&oldid=743070292},
    note = {[Online; accessed 2016-10-07]}
}

@misc{wiki:reaching_definition,
    author = {Wikipedia},
    title = {Reaching definition},
    year = 2016,
    url = {https://en.wikipedia.org/w/index.php?title=Reaching_definition&oldid=723830514},
    note = {[Online; accessed 2016-06-05]}
}

@misc{wiki:liveness,
    author = {Wikipedia},
    title = {Live variable analysis},
    year = 2016,
    url = {https://en.wikipedia.org/w/index.php?title=Live_variable_analysis&oldid=755352358},
    note = {[Online; accessed 2016-12-17]}
}

@misc{wiki:pointer-analysis,
    author = {Wikipedia},
    title = {Pointer analysis},
    year = 2016,
    url = {https://en.wikipedia.org/w/index.php?title=Pointer_analysis&oldid=744331746},
    note = {[Online; accessed 2016-10-14]}
}

@misc{slides:flow-insensitive,
    author = {Strout, Michelle},
    title = {Flow-Insensitive Pointer Analysis --- Slides},
    year = 2006,
    url = {http://www.cs.colostate.edu/~mstrout/CS553Fall06/slides/lecture22-aliasFICI.pdf},
    note = {[Online; accessed 2016-12-01]}
}

@misc{slides:dataflow,
    author = {Chong, Stephen},
    title = {Dataflow analysis --- Slides},
    year = 2011,
    url = {http://www.seas.harvard.edu/courses/cs252/2011sp/slides/Lec02-Dataflow.pdf},
    note = {[Online; accessed 2016-12-01]}
}

@misc{wiki:lattice,
    author = {Wikipedia},
    title = {Lattice (order)},
    year = 2016,
    url = {https://en.wikipedia.org/w/index.php?title=Lattice_(order)&oldid=754335711},
    note = {[Online; accessed 2016-12-12]}
}

@misc{slides:lattice,
    author = {Chambers, Craig},
    title = {Lattice-Theory Data Flow Analysis --- Slides},
    year = 2006,
    url = {https://courses.cs.washington.edu/courses/cse501/06wi/slides/01-18.slides.pdf},
    note = {[Online; accessed 2016-12-01]}
}

@misc{slides:lattice2,
    author = {Strout, Michelle},
    title = {Lattice Theoretic Framework for DFA --- Slides},
    year = 2006,
    url = {http://www.cs.colostate.edu/~mstrout/CS553Fall06/slides/lecture10-lattice},
    note = {[Online; accessed 2016-12-01]}
}

@misc{lattice_tutorial,
    author = {Jovanovic, Nenad},
    title = {Lattice Tutorial},
    year = 2005,
    url = {http://old.iseclab.org/people/enji/infosys/lattice_tutorial.pdf},
    note = {[Online; accessed 2016-12-01]}
}

@inproceedings{cbaParallel,
    author = {Seidl, Helmut and Steffen, Bernhard},
    title = {Constraint-Based Inter-Procedural Analysis of Parallel Programs},
    booktitle = {Proceedings of the 9th European Symposium on Programming Languages and Systems},
    series = {ESOP '00},
    year = {2000},
    isbn = {3-540-67262-1},
    pages = {351--365},
    numpages = {15},
    url = {http://dl.acm.org/citation.cfm?id=645394.651904},
    acmid = {651904},
    publisher = {Springer-Verlag},
    address = {London, UK, UK},
}
